@manual{bib:itc2007,
	title    		= {Internation Timetabling Competition 2007},
	url 	  		= {http://www.cs.qub.ac.uk/itc2007/}
}

@manual{bib:itc2007-ctt,
	title    		= {Internation Timetabling Competition 2007 - Course Timetabling Track},
	url 	  		= {http://www.cs.qub.ac.uk/itc2007/curriculmcourse/course\_curriculm\_index.htm}
}

@article{bib:tabu-search-guide,
	author = {Glover, Fred and Taillard, Eric},
	year = {1993},
	month = {03},
	pages = {1-28},
	title = {A Users Guide to Tabu Search},
	volume = {41},
	journal = {Ann. Oper. Res.},
	doi = {10.1007/BF02078647}
} 
